<?xml version="1.0" encoding="UTF-8"?><collection xmlns="http://www.loc.gov/MARC21/slim"><record><leader>00381nam--2200145-i-4500</leader><controlfield tag="001">000039229</controlfield><controlfield tag="002">20161230</controlfield><controlfield tag="005">20161230201042</controlfield><controlfield tag="008">060222s1000------------r-----000-0-eng-d</controlfield><datafield ind1=" " ind2=" " tag="080"><subfield code="a">621.37</subfield></datafield><datafield ind1=" " ind2=" " tag="100"><subfield code="a">Robinson, F.N.H</subfield></datafield><datafield ind1=" " ind2=" " tag="245"><subfield code="a">Noise in electrical circuits</subfield></datafield><datafield ind1=" " ind2=" " tag="260"><subfield code="a">London, Oxford Univ.Press, 1962, 120p</subfield></datafield><datafield ind1=" " ind2=" " tag="490"><subfield code="a">Oxford Library Of The Physical Sciences</subfield></datafield><datafield ind1=" " ind2=" " tag="852"><subfield code="a">27222</subfield></datafield></record></collection>